%% This BibTeX bibliography file was created using BibDesk.
%% http://bibdesk.sourceforge.net/


%% Created for 張應麟 at 2015-05-13 11:02:40 +0200 


%% Saved with string encoding Unicode (UTF-8) 



@unpublished{FAVAR_sign,
	Author = {Pooyan Amir-Ahmadi and Harald Uhlig},
	Date-Added = {2015-05-13 08:58:30 +0000},
	Date-Modified = {2015-05-13 09:02:39 +0000},
	Keywords = {FAVAR},
	Note = {Mimeo},
	Title = {Measuring the Effects of Monetary Policy: A {B}ayesian {FAVAR} Approach with Sign Restriction},
	Year = {2009}}

@book{Gibbs,
	Author = {Chang-Jin Kim and Charles R. Nelson},
	Date-Added = {2015-05-12 21:24:57 +0000},
	Date-Modified = {2015-05-12 21:28:39 +0000},
	Keywords = {FAVAR},
	Publisher = {MIT Press},
	Title = {State-Space Models with Regime Switching},
	Year = {1999}}

@article{FAVAR,
	Author = {Ben S. Bernanke and Jean Boivin and Piotr Eliasz},
	Date-Added = {2015-05-12 20:01:44 +0000},
	Date-Modified = {2015-05-12 21:28:48 +0000},
	Journal = {Quarterly Journal of Economics},
	Keywords = {FAVAR},
	Month = {Febuary},
	Number = {1},
	Pages = {387-422},
	Title = {Measuring the Effects of Monetary Policy: A Factor-Augmented Vector Autoregressive ({FAVAR}) Approach},
	Volume = {120},
	Year = {2005}}

@article{CCE15,
	Author = {Alexander Chudik and Kamiar Mohaddes and M. Hashem Pesaran and Mehdi Raissi},
	Date-Added = {2015-05-12 13:42:30 +0000},
	Date-Modified = {2015-05-12 21:29:00 +0000},
	Journal = {USC INET Working Paper No. 15-05},
	Keywords = {CCE},
	Title = {Long-Run Effects in Large Heterogenous Panel Data Models with Cross-Sectionally Correlated Errors},
	Year = {2015}}
